<record><leader>00000cas a22000007a 4500</leader><controlfield tag="001">12013703</controlfield><controlfield tag="008">850509d16901690maumr ne      0    0eng d</controlfield><datafield ind1=" " ind2=" " tag="010"><subfield code="a">sn 85038269 </subfield></datafield><datafield ind1=" " ind2=" " tag="040"><subfield code="a">NPY</subfield><subfield code="b">eng</subfield><subfield code="c">NPY</subfield><subfield code="d">DLC</subfield><subfield code="d">CNK</subfield><subfield code="d">OCLCQ</subfield><subfield code="d">KRTAS</subfield><subfield code="d">NLC</subfield></datafield><datafield ind1=" " ind2=" " tag="016"><subfield code="a">(AMICUS)000015226395</subfield></datafield><datafield ind1=" " ind2=" " tag="042"><subfield code="a">msc</subfield></datafield><datafield ind1="0" ind2="0" tag="050"><subfield code="a">Newspaper</subfield></datafield><datafield ind1="0" ind2=" " tag="130"><subfield code="a">Publick occurrences (Boston, Mass.)</subfield></datafield><datafield ind1="0" ind2="0" tag="245"><subfield code="a">Publick occurrences.</subfield></datafield><datafield ind1="1" ind2="0" tag="246"><subfield code="a">Publick occurrences both foreign and domestick</subfield></datafield><datafield ind1=" " ind2=" " tag="260"><subfield code="a">Boston [Mass] :</subfield><subfield code="b">Printed by R. Pierce for Benjamin Harris,</subfield><subfield code="c">1690.</subfield></datafield><datafield ind1=" " ind2=" " tag="300"><subfield code="a">1 v. ;</subfield><subfield code="c">31 cm.</subfield></datafield><datafield ind1=" " ind2=" " tag="310"><subfield code="a">Monthly</subfield></datafield><datafield ind1="0" ind2=" " tag="362"><subfield code="a">No. 1 (Sept. 25, 1690).</subfield></datafield><datafield ind1=" " ind2=" " tag="500"><subfield code="a">Phrase "both foreign and domestick" occurs in small letters after title.</subfield></datafield><datafield ind1=" " ind2=" " tag="500"><subfield code="a">Intended to be issued monthly, this title was suppressed after its first issue.</subfield></datafield><datafield ind1=" " ind2=" " tag="752"><subfield code="a">United States</subfield><subfield code="b">Massachusetts</subfield><subfield code="c">Suffolk</subfield><subfield code="d">Boston.</subfield></datafield><datafield ind1="0" ind2="8" tag="776"><subfield code="i">Online version:</subfield><subfield code="t">Publick occurrences (Boston, Mass.)</subfield><subfield code="w">(OCoLC)905794289</subfield></datafield><datafield ind1=" " ind2=" " tag="938"><subfield code="a">Kirtas Technologies, Inc.</subfield><subfield code="b">KRTS</subfield><subfield code="n">739174</subfield></datafield></record>